#TODO(Mareš): unify the style
################ van Emde Boas trees ################

@inproceedings{ Boas75,
	author = {van Emde Boas, Peter},
	title = {Preserving order in a forest in less than logarithmic time},
	booktitle = {SFCS '75: Proceedings of the 16th Annual Symposium on Foundations of Computer Science},
	year = {1975},
	pages = {75--84},
	doi = {http://dx.doi.org/10.1109/SFCS.1975.26},
	publisher = {IEEE Computer Society},
	address = {Washington, DC, USA},
}
@article{ Boas77,
	author = {van Emde Boas, Peter},
	title = {Preserving Order in a Forest in Less Than Logarithmic Time and Linear Space},
	journal = {Inf. Process. Lett.},
	volume = {6},
	number = {3},
	year = {1977},
	pages = {80-82},
	bibsource = {DBLP, http://dblp.uni-trier.de}
}
@article{ BoasKZ77,
	author = {Peter van Emde Boas and R. Kaas and E. Zijlstra},
	title = {Design and Implementation of an Efficient Priority Queue},
	journal = {Mathematical Systems Theory},
	volume = {10},
	year = {1977},
	pages = {99-127},
	bibsource = {DBLP, http://dblp.uni-trier.de}
}
@article{ MehlN90,
	author = {Mehlhorn, K. and N\"{a}her, S.},
	title = {Bounded ordered dictionaries in $\mathcal{O}(\log \log N)$ time and $\mathcal{O}(n)$ space},
	journal = {Inf. Process. Lett.},
	volume = {35},
	number = {4},
	year = {1990},
	issn = {0020-0190},
	pages = {183--189},
	doi = {http://dx.doi.org/10.1016/0020-0190(90)90022-P},
	publisher = {Elsevier North-Holland, Inc.},
	address = {Amsterdam, The Netherlands, The Netherlands},
 }

@article{ Willard83,
	title={{Log-logarithmic worst-case range queries are possible in space $\Theta(N)$}},
	author={Willard, D.E.},
	journal={Information Processing Letters},
	volume={17},
	number={2},
	pages={81--84},
	year={1983},
	publisher={Elsevier}
}

@misc{ Demaine,
	title={Advanced data structures},
	author={Erik Demaine},
	howpublished={{MIT} Lecture Notes},
	year={2003--2010},
	note={Retrieved from \texttt{http://www.erikdemaine.org}}
}


################ RAM stuff ################

@article{ AndersN94,
	author = {A. Andersson and S. Nilsson},
	title = {A new efficient radix sort},
	journal ={Foundations of Computer Science, Annual IEEE Symposium on},
	volume = {0},
	isbn = {0-8186-6580-7},
	year = {1994},
	pages = {714-721},
	doi = {http://doi.ieeecomputersociety.org/10.1109/SFCS.1994.365721},
	publisher = {IEEE Computer Society},
	address = {Los Alamitos, CA, USA},
}
@incollection{ HagerupT98,
	title = {Sorting and searching on the word {RAM}},
	volume = {1373},
	isbn = {978-3-540-64230-5},
	url = {http://www.springerlink.com/content/w53xp778k50458n6/abstract/},
	series = {Lecture Notes in Computer Science},
	pages = {366--398},
	booktitle = {{STACS} 98},
	publisher = {Springer Berlin / Heidelberg},
	author = {Hagerup, Torben},
	editor = {Morvan, Michel and Meinel, Christoph and Krob, Daniel},
	urldate = {2012-05-23},
	year = {1998},
	keywords = {Computer Science},
}
@inproceedings{ BeameF99,
	author = {Beame, Paul and Fich, Faith E.},
	title = {Optimal bounds for the predecessor problem},
	booktitle = {STOC '99: Proceedings of the thirty-first annual ACM symposium on Theory of computing},
	year = {1999},
	isbn = {1-58113-067-8},
	pages = {295--304},
	location = {Atlanta, Georgia, United States},
	doi = {http://doi.acm.org/10.1145/301250.301323},
	publisher = {ACM},
	address = {New York, NY, USA},
}
@article{ BeameF02,
	title={Optimal Bounds for the Predecessor Problem and Related Problems},
	author={Beame, P. and Fich, F.E.},
	journal={Journal of Computer and System Sciences},
	volume={65},
	number={1},
	pages={38--72},
	year={2002},
	publisher={Elsevier}
}
@article{ Willard00,
	author = {Willard, Dan E.},
	title = {Examining Computational Geometry, Van Emde Boas Trees, and Hashing from the Perspective of the Fusion Tree},
	journal = {SIAM J. Comput.},
	volume = {29},
	number = {3},
	year = {2000},
	issn = {0097-5397},
	pages = {1030--1049},
	doi = {http://dx.doi.org/10.1137/S0097539797322425},
	publisher = {Society for Industrial and Applied Mathematics},
	address = {Philadelphia, PA, USA},
}
@inproceedings{ AndersT01,
	location = {Philadelphia, {PA}, {USA}},
	title = {Dynamic String Searching},
	isbn = {0-89871-490-7},
	url = {http://dl.acm.org/citation.cfm?id=365411.365465},
	series = {{SODA} '01},
	pages = {307--308},
	booktitle = {Proceedings of the Twelfth Annual {ACM}-{SIAM} Symposium on Discrete Algorithms},
	publisher = {Society for Industrial and Applied Mathematics},
	author = {Andersson, Arne and Thorup, Mikkel},
	urldate = {2015-09-15},
	year = {2001},
}
@article{ AndersT07,
	author = {Andersson, Arne and Thorup, Mikkel},
	title = {Dynamic ordered sets with exponential search trees},
	journal = {J. ACM},
	volume = {54},
	number = {3},
	year = {2007},
	issn = {0004-5411},
	pages = {13},
	doi = {http://doi.acm.org/10.1145/1236457.1236460},
	publisher = {ACM},
	address = {New York, NY, USA},
}
@inproceedings{ PatrasT06,
	location = {New York, {NY}, {USA}},
	title = {Time-space trade-offs for predecessor search},
	isbn = {1-59593-134-1},
	url = {http://doi.acm.org/10.1145/1132516.1132551},
	doi = {10.1145/1132516.1132551},
	series = {{STOC} '06},
	pages = {232--240},
	booktitle = {Proceedings of the thirty-eighth annual {ACM} symposium on Theory of computing},
	publisher = {{ACM}},
	author = {Pătraşcu, Mihai and Thorup, Mikkel},
	urldate = {2012-07-18},
	year = {2006},
	keywords = {cell-probe complexity, lower bounds, predecessor search},
}
@inproceedings{ PatrasT07,
	author = {P\v{a}tra\c{s}cu, Mihai and Thorup, Mikkel},
	title = {Randomization does not help searching predecessors},
	booktitle = {SODA '07: Proceedings of the eighteenth annual ACM-SIAM symposium on Discrete algorithms},
	year = {2007},
	isbn = {978-0-898716-24-5},
	pages = {555--564},
	location = {New Orleans, Louisiana},
	publisher = {Society for Industrial and Applied Mathematics},
	address = {Philadelphia, PA, USA},
}



################ miscellaneous stuff ################

@article{ Goldberg91,
	author = {Goldberg, David},
	title = {What every computer scientist should know about floating-point arithmetic},
	journal = {ACM Comput. Surv.},
	volume = {23},
	number = {1},
	year = {1991},
	issn = {0360-0300},
	pages = {5--48},
	doi = {http://doi.acm.org/10.1145/103162.103163},
	publisher = {ACM},
	address = {New York, NY, USA},
}
@article{ Knuth77,
	title = {Deletions That Preserve Randomness},
	volume = {3},
	issn = {0098-5589},
	url = {http://dx.doi.org/10.1109/TSE.1977.231160},
	pages = {351--359},
	number = {5},
	journal = {{IEEE} Transactions on Software Engineering},
	author = {Knuth, D. E.},
	year = {1977},
}

@inbook{ global-rebuilding,
	author = {Overmars, Mark H.},
	title = {The Design of Dynamic Data Structures},
	series = {Lecture Notes in Computer Science},
	volume = {156},
	chapter = {5},
	isbn = {3-540-12330-X},
	year = {1983},
	publisher = {Springer-Verlag},
}
@book{ intro2alg,
	author = {Cormen, Thomas H. and Leiserson, Charles E. and Rivest, Ronald L. and Stein, Clifford},
	title = {Introduction to Algorithms, Third Edition},
	year = {2009},
	isbn = {0262033844, 9780262033848},
	edition = {3rd},
	publisher = {The MIT Press},
}

@book{ randomAlgs,
	author = {Motwani, Rajeev and Raghavan, Prabhakar},
	title = {Randomized algorithms},
	year = {1995},
	isbn = {0-521-47465-5},
	publisher = {Cambridge University Press},
	address = {New York, NY, USA},
}
@article{ dynPerfHashing,
	author = {M. Dietzfelbinger and A. Karlin and K. Mehlhorn and F.M. auf der Heide and H. Rohnert and R.E. Tarjan},
	title = {Dynamic perfect hashing: upper and lower bounds},
	journal ={Foundations of Computer Science, Annual IEEE Symposium on},
	volume = {0},
	iisbn = {0-8186-0877-3},
	year = {1988},
	pages = {524-531},
	doi = {http://doi.ieeecomputersociety.org/10.1109/SFCS.1988.21968},
	publisher = {IEEE Computer Society},
	address = {Los Alamitos, CA, USA},
}

################ interpolating sorted arrays ################

@article{ Peterson57,
	author = {Peterson, W. W.},
	title = {Addressing for random-access storage},
	journal = {IBM J. Res. Dev.},
	volume = {1},
	number = {2},
	year = {1957},
	issn = {0018-8646},
	pages = {130--146},
	publisher = {IBM Corp.},
	address = {Riverton, NJ, USA},
}
@inproceedings{ Yao276,
	author = {Yao, Andrew C. and Yao, F. Frances},
	title = {The complexity of searching an ordered random table},
	booktitle = {SFCS '76: Proceedings of the 17th Annual Symposium on Foundations of Computer Science},
	year = {1976},
	pages = {173--177},
	doi = {http://dx.doi.org/10.1109/SFCS.1976.32},
	publisher = {IEEE Computer Society},
	address = {Washington, DC, USA},
}
@article{ PerlR77,
	author = {Yehoshua Perl and Edward M. Reingold},
	title = {Understanding the Complexity of Interpolation Search},
	journal = {Inf. Process. Lett.},
	volume = {6},
	number = {6},
	year = {1977},
	pages = {219-222},
	bibsource = {DBLP, http://dblp.uni-trier.de}
}
@article{ PerlIA78,
	author = {Perl, Yehoshua and Itai, Alon and Avni, Haim},
	title = {Interpolation search---a $\log\log N$ search},
	journal = {Commun. ACM},
	volume = {21},
	number = {7},
	year = {1978},
	issn = {0001-0782},
	pages = {550--553},
	doi = {http://doi.acm.org/10.1145/359545.359557},
	publisher = {ACM},
	address = {New York, NY, USA},
}
@article{ GonnetRG80,
	author = {Gaston H. Gonnet and Lawrence D. Rogers and J. Alan George},
	title = {An Algorithmic and Complexity Analysis of Interpolation Search},
	journal = {Acta Inf.},
	volume = {13},
	year = {1980},
	pages = {39-52},
	bibsource = {DBLP, http://dblp.uni-trier.de}
}
@article{ Willard85,
	author = {Dan E. Willard},
	collaboration = {},
	title = {Searching Unindexed and Nonuniformly Generated Files in $\log \log N$ Time},
	publisher = {SIAM},
	year = {1985},
	journal = {SIAM Journal on Computing},
	volume = {14},
	number = {4},
	pages = {1013-1029},
	keywords = {interpolation search; binary search; method of regula falsi; method of false position; secant method; padded list; dense sequential file; fast trie; priority queue; stratified tree; Van Emde Boas tree},
	url = {http://link.aip.org/link/?SMJ/14/1013/1},
	doi = {10.1137/0214071}
}
@inproceedings{ CarlM88,
	author = {Carlsson, Svante and Mattsson, Christer},
	title = {An extrapolation on the interpolation search},
	booktitle = {No. 318 on SWAT 88: 1st Scandinavian workshop on algorithm theory},
	year = {1988},
	isbn = {3-540-19487-8},
	pages = {24--33},
	location = {Halmstad, Sweden},
	publisher = {Springer-Verlag},
	address = {London, UK},
}


################ dynamic interpolation search ################

@inproceedings{ ItaiKR81,
	author = {Itai, Alon and Konheim, Alan G. and Rodeh, Michael},
	title = {A Sparse Table Implementation of Priority Queues},
	booktitle = {Proceedings of the 8th Colloquium on Automata, Languages and Programming},
	year = {1981},
	isbn = {3-540-10843-2},
	pages = {417--431},
	publisher = {Springer-Verlag},
	address = {London, UK},
}
@article{ FredG83,
	author = {Frederickson, Greg N.},
	title = {Implicit Data Structures for the Dictionary Problem},
	journal = {J. ACM},
	volume = {30},
	number = {1},
	year = {1983},
	issn = {0004-5411},
	pages = {80--94},
	doi = {http://doi.acm.org/10.1145/322358.322364},
	publisher = {ACM},
	address = {New York, NY, USA},
}
@article{ MehlT93,
	title = {Dynamic Interpolation Search},
	volume = {40},
	issn = {0004-5411},
	url = {http://doi.acm.org/10.1145/174130.174139},
	doi = {10.1145/174130.174139},
	pages = {621--634},
	number = {3},
	journaltitle = {J. {ACM}},
	author = {Mehlhorn, Kurt and Tsakalidis, Athanasios},
	urldate = {2015-09-15},
	date = {1993-07},
	keywords = {dynamization, search tree},
}
@incollection{ AndersM93,
	title = {Dynamic Interpolation Search in o(log log n) Time},
	url = {http://link.springer.com/content/pdf/10.1007/3-540-56939-1\_58.pdf},
	pages = {15--27},
	booktitle = {Automata, Languages and Programming},
	publisher = {Springer},
	author = {Andersson, Arne and Mattsson, Christer},
	urldate = {2015-09-15},
	year = {1993},
}

@techreport{ KMSTTZ03,
	author = {Alexis Kaporis and Christos Makris and Spyros Sioutas and Athanasios Tsakalidis and Kostas Tsichlas and Christos Zaroliagis},
	title = {Improved Bounds for Finger Search on a RAM},
	institution = {In Algorithms --- ESA 2003, LNCS Vol. 2832 (Springer 2003},
	year = {2003},
}

@inproceedings{ DemaineJP04,
	location = {Philadelphia, {PA}, {USA}},
	title = {Interpolation Search for Non-independent Data},
	isbn = {978-0-89871-558-3},
	url = {http://dl.acm.org/citation.cfm?id=982792.982870},
	series = {{SODA} '04},
	pages = {529--530},
	booktitle = {Proceedings of the Fifteenth Annual {ACM}-{SIAM} Symposium on Discrete Algorithms},
	publisher = {Society for Industrial and Applied Mathematics},
	author = {Demaine, Erik D. and Jones, Thouis and Pătraşcu, Mihai},
	urldate = {2015-10-26},
	year = {2004},
}
@inproceedings { KMSTTZ06,
	title = {Dynamic Interpolation Search Revisited},
	author = {Kaporis, Alexis and Makris, Christos and Sioutas, Spyros and Tsakalidis, Athanasios and Tsichlas, Kostas and Zaroliagis, Christos},
	booktitle = {33rd International Colloquium for Automata, Languages and Programming (ICALP 2006)},
	series = {Lecture Notes in Computer Science},
	year = {2006},
	month = {July},
	volume = {4051},
	pages = {382--394},
	publisher = {Springer},
	url = {http://icalp06.dsi.unive.it/},
}
@techreport{ KMSTTZ06_full,
	title = {Dynamic Interpolation Search Revisited},
	author = {Kaporis, Alexis and Makris, Christos and Sioutas, Spyros and Tsakalidis, Athanasios and Tsichlas, Kostas and Zaroliagis, Christos},
	institution = {Computer Technology Institute},
	year = {2006},
	month = {April},
	number = {TR 2006/04/02},
}
@article{ BKS11,
	title     = {Random input helps searching predecessors},
	author    = {Djamal Belazzougui and
	             Alexis C. Kaporis and
	             Paul G. Spirakis},
	journal   = {CoRR},
	volume    = {abs/1104.4353},
	year      = {2011},
	url       = {http://arxiv.org/abs/1104.4353},
	timestamp = {Mon, 05 Dec 2011 18:05:25 +0100},
	biburl    = {http://dblp.uni-trier.de/rec/bib/journals/corr/abs-1104-4353},
	bibsource = {dblp computer science bibliography, http://dblp.org}
}
@thesis{ Cunat10,
	title = {Data structures for various distributions of data},
	url = {https://is.cuni.cz/webapps/zzp/detail/78657/11784999/},
	pagetotal = {46},
	institution = {Charles University in Prague},
	type = {Master},
	author = {Čunát, Vladimír},
	year = {2010},
	langid = {english}
}
